<?xml version="1.0" encoding="UTF-8"?><record xmlns="http://www.loc.gov/MARC21/slim" xmlns:cinclude="http://apache.org/cocoon/include/1.0" xmlns:zs="http://www.loc.gov/zing/srw/">
  <leader>00496nz  a2200157n  4500</leader>
  <controlfield tag="001">no 93008661 </controlfield>
  <controlfield tag="003">DLC</controlfield>
  <controlfield tag="005">19930405181706.6</controlfield>
  <controlfield tag="008">930326n| acannaab|          |a aaa     c</controlfield>
  <datafield tag="010" ind1=" " ind2=" ">
    <subfield code="a">no 93008661 </subfield>
  </datafield>
  <datafield tag="040" ind1=" " ind2=" ">
    <subfield code="a">ICU</subfield>
    <subfield code="c">ICU</subfield>
  </datafield>
  <datafield tag="100" ind1="1" ind2="0">
    <subfield code="a">Krusch, P.</subfield>
    <subfield code="q">(Paul),</subfield>
    <subfield code="d">1869-1939</subfield>
  </datafield>
  <datafield tag="400" ind1="1" ind2="0">
    <subfield code="a">Krusch, Paul,</subfield>
    <subfield code="d">1869-1939</subfield>
  </datafield>
  <datafield tag="400" ind1="1" ind2="0">
    <subfield code="a">Krusch, Johann Paul,</subfield>
    <subfield code="d">1869-1939</subfield>
  </datafield>
  <datafield tag="670" ind1=" " ind2=" ">
    <subfield code="a">His Die Geschichte der Bergakademie zu Berlin ... 1904:</subfield>
    <subfield code="b">t.p. (P. Krusch)</subfield>
  </datafield>
  <datafield tag="670" ind1=" " ind2=" ">
    <subfield code="a">NUC pre-56</subfield>
    <subfield code="b">(hdg.: Krusch, Johann Paul, 1869-1939)</subfield>
  </datafield>
</record>